<?xml version="1.0" encoding="UTF-8"?><collection xmlns="http://www.loc.gov/MARC21/slim"><record><leader>00389nam--2200133-i-4500</leader><controlfield tag="001">000045795</controlfield><controlfield tag="002">20161230</controlfield><controlfield tag="005">20161230201045</controlfield><controlfield tag="008">060222s1000------------r-----000-0-eng-d</controlfield><datafield ind1=" " ind2=" " tag="080"><subfield code="a">616-073:621.39.83</subfield></datafield><datafield ind1=" " ind2=" " tag="100"><subfield code="a">Vaichere, Elisabeth</subfield></datafield><datafield ind1=" " ind2=" " tag="245"><subfield code="a">L`index splenique au cours des scintigraphies hepatiques au 99mtc. /these</subfield></datafield><datafield ind1=" " ind2=" " tag="260"><subfield code="a">Paris, Univ.Paris-val De Marne, 1972, 77p</subfield></datafield><datafield ind1=" " ind2=" " tag="852"><subfield code="a">39006</subfield></datafield></record></collection>